@misc {Keng2011Effects,
   url = {https://europepmc.org/article/MED/21802619},
   year = {2011},
   title = {Effects of mindfulness on psychological health: a review of empirical studies},
   author = {Keng SL},
}

@misc {Eysenbach2015Review,
   author = {Gunther Eysenbach},
   url = {https://www.ncbi.nlm.nih.gov/pmc/articles/PMC4705029/#ref1},
   year = {2015},
   title = {Review and Evaluation of Mindfulness-Based iPhone Apps},
}

